@article{LXe2023,
  title     = {A liquid xenon positron target concept},
  volume    = {1053},
  issn      = {0168-9002},
  url       = {http://dx.doi.org/10.1016/j.nima.2023.168329},
  doi       = {10.1016/j.nima.2023.168329},
  journal   = {Nuclear Instruments and Methods in Physics Research Section A: Accelerators,  Spectrometers,  Detectors and Associated Equipment},
  publisher = {Elsevier BV},
  author    = {Varverakis,  Max and Holtzapple,  Robert and Fujii,  Hiroki and Gessner,  Spencer},
  year      = {2023},
  month     = aug,
  pages     = {168329}
}

@article{Filament2023,
  doi       = {10.48550/ARXIV.2311.07087},
  url       = {https://arxiv.org/abs/2311.07087},
  author    = {Varverakis,  Max and Holtzapple,  Robert and Diederichs,  Severin and Schroeder,  Carl and Gessner,  Spencer},
  keywords  = {Accelerator Physics (physics.acc-ph),  FOS: Physical sciences,  FOS: Physical sciences},
  title     = {Energy recovery in filament-regime plasma wakefield acceleration of positron beams},
  publisher = {arXiv},
  year      = {2023},
  copyright = {Creative Commons Attribution 4.0 International},
  journal   = {\textcolor{red!60!black}{(Accepted)} J. Phys.: Conf. Ser.}
}